@ARTICLE{2018AJ....156...35M,
   author = {{Malz}, A.~I. and {Marshall}, P.~J. and {DeRose}, J. and {Graham}, M.~L. and 
	{Schmidt}, S.~J. and {Wechsler}, R. and {(LSST Dark Energy Science Collaboration}
	},
    title = "{Approximating Photo-z PDFs for Large Surveys}",
  journal = {\aj},
archivePrefix = "arXiv",
   eprint = {1806.00014},
 primaryClass = "astro-ph.IM",
 keywords = {astronomical databases: miscellaneous, catalogs, galaxies: distances and redshifts, methods: miscellaneous, methods: statistical },
     year = 2018,
    month = jul,
   volume = 156,
      eid = {35},
    pages = {35},
      doi = {10.3847/1538-3881/aac6b5},
   adsurl = {http://adsabs.harvard.edu/abs/2018AJ....156...35M},
  adsnote = {Provided by the SAO/NASA Astrophysics Data System}
}

@ARTICLE{2014MNRAS.441.3550C,
       author = {{Carrasco Kind}, Matias and {Brunner}, Robert J.},
        title = "{Sparse representation of photometric redshift probability density functions: preparing for petascale astronomy}",
      journal = {Monthly Notices of the Royal Astronomical Society},
     keywords = {methods: data analysis, methods: statistical, astronomical data bases: miscellaneous, galaxies: distances and redshifts, galaxies: statistics, Astrophysics - Instrumentation and Methods for Astrophysics, Astrophysics - Cosmology and Nongalactic Astrophysics},
         year = "2014",
        month = "Jul",
       volume = {441},
       number = {4},
        pages = {3550-3561},
          doi = {10.1093/mnras/stu827},
archivePrefix = {arXiv},
       eprint = {1404.6442},
 primaryClass = {astro-ph.IM},
       adsurl = {https://ui.adsabs.harvard.edu/abs/2014MNRAS.441.3550C},
      adsnote = {Provided by the SAO/NASA Astrophysics Data System}
}

@ARTICLE{2019MNRAS.483.2801S,
       author = {{S{\'a}nchez}, Carles and {Bernstein}, Gary M.},
        title = "{Redshift inference from the combination of galaxy colours and clustering in a hierarchical Bayesian model}",
      journal = {\mnras},
     keywords = {cosmology: observations, galaxy: surveys, photometric redshifts, Astrophysics - Cosmology and Nongalactic Astrophysics, Astrophysics - Instrumentation and Methods for Astrophysics},
         year = "2019",
        month = "Feb",
       volume = {483},
       number = {2},
        pages = {2801-2813},
          doi = {10.1093/mnras/sty3222},
archivePrefix = {arXiv},
       eprint = {1807.11873},
 primaryClass = {astro-ph.CO},
       adsurl = {https://ui.adsabs.harvard.edu/abs/2019MNRAS.483.2801S},
      adsnote = {Provided by the SAO/NASA Astrophysics Data System}
}

@ARTICLE{2019MNRAS.488.4565Z,
       author = {{Zhou}, Rongpu and {Cooper}, Michael C. and {Newman}, Jeffrey A. and
         {Ashby}, Matthew L.~N. and {Aird}, James and
         {Conselice}, Christopher J. and {Davis}, Marc and {Dutton}, Aaron A. and
         {Faber}, S.~M. and {Fang}, Jerome J. and {Fazio}, G.~G. and
         {Guhathakurta}, Puragra and {Kocevski}, Dale and {Koo}, David C. and {Nand
        ra}, Kirpal and {Phillips}, Andrew C. and {Rosario}, David J. and
         {Schlafly}, Edward F. and {Trump}, Jonathan R. and {Weiner}, Benjamin and
         {Willmer}, Christopher N.~A. and {Yan}, Renbin},
        title = "{Deep ugrizY imaging and DEEP2/3 spectroscopy: a photometric redshift testbed for LSST and public release of data from the DEEP3 Galaxy Redshift Survey}",
      journal = {\mnras},
     keywords = {catalogues, surveys, galaxies: distances and redshifts, Astrophysics - Astrophysics of Galaxies, Astrophysics - Instrumentation and Methods for Astrophysics},
         year = "2019",
        month = "Oct",
       volume = {488},
       number = {4},
        pages = {4565-4584},
          doi = {10.1093/mnras/stz1866},
archivePrefix = {arXiv},
       eprint = {1903.08174},
 primaryClass = {astro-ph.GA},
       adsurl = {https://ui.adsabs.harvard.edu/abs/2019MNRAS.488.4565Z},
      adsnote = {Provided by the SAO/NASA Astrophysics Data System}
}
